@article{reinhart2016urban,
  title={Urban building energy modeling--A review of a nascent field},
  author={Reinhart, Christoph F and Davila, Carlos Cerezo},
  journal={Building and Environment},
  volume={97},
  pages={196--202},
  year={2016},
  doi={http://dx.doi.org/10.1016/j.buildenv.2015.12.001},
  publisher={Elsevier}
}

@article{ball2020open,
  title={An open source analysis framework for large-scale building energy modeling},
  author={Ball, Brian L and Long, Nicholas and Fleming, Katherine and Balbach, Chris and Lopez, Phylroy},
  journal={Journal of Building Performance Simulation},
  volume={13},
  number={5},
  pages={487--500},
  year={2020},
  doi={https://doi.org/10.1080/19401493.2020.1778788},
  publisher={Taylor \& Francis}
}

@article{karaguzel2019open,
  title={Open computing infrastructure for sharing data analytics to support building energy simulations},
  author={Karaguzel, Omer T and Elshambakey, Mohammed and Zhu, Yimin and Hong, Tianzhen and Tolone, William J and Das Bhattacharjee, Sreyasee and Cho, Isaac and Dou, Wenwen and Wang, Haopeng and Lu, Siliang and others},
  journal={Journal of Computing in Civil Engineering},
  volume={33},
  number={6},
  pages={04019037},
  year={2019},
  publisher={American Society of Civil Engineers}
}

@article{boettiger2015introduction,
  title={An introduction to Docker for reproducible research},
  author={Boettiger, Carl},
  journal={ACM SIGOPS Operating Systems Review},
  volume={49},
  number={1},
  pages={71--79},
  year={2015},
  doi={https://doi.org/10.1145/2723872.2723882},
  publisher={ACM New York, NY, USA}
}

@ARTICLE{roth2020syncity,
  title    = "{SynCity}: Using open data to create a synthetic city of hourly
              building energy estimates by integrating data-driven and
              physics-based methods",
  author   = "Roth, Jonathan and Martin, Amory and Miller, Clayton and Jain,
              Rishee K",
  journal  = "Appl. Energy",
  volume   =  280,
  pages    = "115981",
  month    =  dec,
  doi      = "https://doi.org/10.1016/j.apenergy.2020.115981",
  year     =  2020
}

@ARTICLE{miller2018urban,
  title     = "Urban and building multiscale co-simulation: case study
               implementations on two university campuses",
  author    = "Miller, Clayton and Thomas, Daren and K{\"a}mpf, J{\'e}r{\^o}me
               and Schlueter, Arno",
  journal   = "Journal of Building Performance Simulation",
  publisher = "Taylor \& Francis",
  volume    =  11,
  number    =  3,
  pages     = "309--321",
  month     =  may,
  doi       = "https://doi.org/10.1080/19401493.2017.1354070",
  year      =  2018
}

@article{biljecki2021extending, 
  year = {2021}, 
  title = {{Extending CityGML for IFC-sourced 3D city models}}, 
  author = {Biljecki, Filip and Lim, Joie and Crawford, James and Moraru, Diana and Tauscher, Helga and Konde, Amol and Adouane, Kamel and Lawrence, Simon and Janssen, Patrick and Stouffs, Rudi}, 
  journal = {Automation in Construction}, 
  doi = {10.1016/j.autcon.2020.103440}, 
  pages = {103440}, 
  volume = {121}
}

@article{noardo2020tools, 
  year = {2020}, 
  title = {{Tools for BIM-GIS Integration (IFC Georeferencing and Conversions): Results from the GeoBIM Benchmark 2019}}, 
  author = {Noardo, Francesca and Harrie, Lars and Ohori, Ken Arroyo and Biljecki, Filip and Ellul, Claire and Krijnen, Thomas and Eriksson, Helen and Guler, Dogus and Hintz, Dean and Jadidi, Mojgan A and Pla, Maria and Sanchez, Santi and Soini, Ville-Pekka and Stouffs, Rudi and Tekavec, Jernej and Stoter, Jantien}, 
  journal = {ISPRS International Journal of Geo-Information}, 
  doi = {10.3390/ijgi9090502}, 
  pages = {502}, 
  number = {9}, 
  volume = {9}
}

@article{chen2019development,
  title={Development of city buildings dataset for urban building energy modeling},
  author={Chen, Yixing and Hong, Tianzhen and Luo, Xuan and Hooper, Barry},
  journal={Energy and Buildings},
  volume={183},
  pages={252--265},
  year={2019},
  doi={https://doi.org/10.1016/j.enbuild.2018.11.008},
  publisher={Elsevier}
}

@article{hong2020ten,
  title={Ten questions on urban building energy modeling},
  author={Hong, Tianzhen and Chen, Yixing and Luo, Xuan and Luo, Na and Lee, Sang Hoon},
  journal={Building and environment},
  volume={168},
  pages={106508},
  year={2020},
  doi={https://doi.org/10.1016/j.buildenv.2019.106508},
  publisher={Elsevier}
}

@article{ang2020concept,
  title={From concept to application: A review of use cases in urban building energy modeling},
  author={Ang, Yu Qian and Berzolla, Zachary Michael and Reinhart, Christoph F},
  journal={Applied Energy},
  volume={279},
  pages={115738},
  year={2020},
  doi={https://doi.org/10.1016/j.apenergy.2020.115738},
  publisher={Elsevier}
}

@online{doe_energyplus,
  author = {{US Department of Energy (DOE) Office of Energy Efficiency & Renewable Energy}},
  title = {{EnergyPlus}},
  url = {https://www.energy.gov/eere/buildings/downloads/energyplus-0},
  urldate = {2021-03-13}
}

@inproceedings{raillon2019pysip,
  title={pySIP: an open-source tool for Bayesian inference and prediction of heat transfer in buildings},
  author={Raillon, Lo{\i}c and Rouchier, Simon and Juricic, Sarah},
  booktitle={Congres fran{\c{c}}ais de thermique, Nantes},
  year={2019}
}

@Misc{stan_r,
  title = {{RStan}: the {R} interface to {Stan}},
  author = {{Stan Development Team}},
  note = {R package version 2.21.2},
  year = {2020},
  url = {http://mc-stan.org/},
}

@article{fortin2012deap,
  title={DEAP: Evolutionary algorithms made easy},
  author={Fortin, F{\'e}lix-Antoine and De Rainville, Fran{\c{c}}ois-Michel and Gardner, Marc-Andr{\'e} Gardner and Parizeau, Marc and Gagn{\'e}, Christian},
  journal={The Journal of Machine Learning Research},
  volume={13},
  number={1},
  pages={2171--2175},
  year={2012},
  publisher={JMLR. org}
}

@Manual{ecr_r,
    title = {ecr: Evolutionary Computation in R},
    author = {Jakob Bossek},
    year = {2017},
    note = {R package version 2.1.0},
    url = {https://CRAN.R-project.org/package=ecr},
  }

@article{bayarri2007framework,
  title={A framework for validation of computer models},
  author={Bayarri, Maria J and Berger, James O and Paulo, Rui and Sacks, Jerry and Cafeo, John A and Cavendish, James and Lin, Chin-Hsu and Tu, Jian},
  journal={Technometrics},
  volume={49},
  number={2},
  pages={138--154},
  year={2007},
  doi={https://doi.org/10.1198/004017007000000092},
  publisher={Taylor \& Francis}
}

@article{higdon2004combining,
  title={Combining field data and computer simulations for calibration and prediction},
  author={Higdon, Dave and Kennedy, Marc and Cavendish, James C and Cafeo, John A and Ryne, Robert D},
  journal={SIAM Journal on Scientific Computing},
  volume={26},
  number={2},
  pages={448--466},
  year={2004},
  doi={https://doi.org/10.1137/S1064827503426693},
  publisher={SIAM}
}

@Article{save_r,
    title = {{SAVE}: An {R} Package for the Statistical Analysis of
      Computer Models},
    author = {Jes{\'u}s Palomo and Rui Paulo and Gonzalo
      Garc{\'\i}a-Donato},
    journal = {Journal of Statistical Software},
    year = {2015},
    volume = {64},
    number = {13},
    pages = {1--23},
    url = {http://www.jstatsoft.org/v64/i13/},
  }
  
@article{herman2017salib,
  title={SALib: an open-source Python library for sensitivity analysis},
  author={Herman, Jon and Usher, Will},
  journal={Journal of Open Source Software},
  volume={2},
  number={9},
  pages={97},
  doi={10.21105/joss.00097},
  year={2017}
}
  
@Manual{sensitivity_r,
    title = {sensitivity: Global Sensitivity Analysis of Model Outputs},
    author = {Bertrand Iooss and Sebastien Da Veiga and Alexandre Janon and Gilles Pujol and with contributions from Baptiste Broto and Khalid Boumhaout and Thibault Delage and Reda El Amri and Jana Fruth and Laurent Gilquin and Joseph Guillaume and Marouane Il Idrissi and Loic {Le Gratiet} and Paul Lemaitre and Amandine Marrel and Anouar Meynaoui and Barry L. Nelson and Filippo Monari and Roelof Oomen and Oldrich Rakovec and Bernardo Ramos and Olivier Roustant and Eunhye Song and Jeremy Staum and Roman Sueur and Taieb Touati and Frank Weber},
    year = {2021},
    note = {R package version 1.24.0},
    url = {https://CRAN.R-project.org/package=sensitivity},
}

@online{ibpsa_best,
  author = {{IBPSA-USA}},
  title = {{Building Energy Software Tools (BEST) directory}},
  url = {https://www.buildingenergysoftwaretools.com/software-listing?keywords=EnergyPlus},
  urldate = {2021-03-13}
}

@online{designbuilder,
  author = {{DesignBuilder}},  
  url = {https://designbuilder.co.uk},
  urldate = {2021-03-13}
}

@online{jeplus,
  author = {{Zhang, Yi}},  
  title = {{JEPlus - An parametric tool for EnergyPlus and TRNSYS}},
  url = {http://www.jeplus.org/wiki/doku.php},
  urldate = {2021-03-13}
}

@online{doe2,
  author = {{DOE-2}},  
  url = {https://www.doe2.com},
  urldate = {2021-03-13}
}


@article{pianosi2016sensitivity,
  title={Sensitivity analysis of environmental models: A systematic review with practical workflow},
  author={Pianosi, Francesca and Beven, Keith and Freer, Jim and Hall, Jim W and Rougier, Jonathan and Stephenson, David B and Wagener, Thorsten},
  journal={Environmental Modelling \& Software},
  volume={79},
  pages={214--232},
  year={2016},
  doi={https://doi.org/10.1016/j.envsoft.2016.02.008},
  publisher={Elsevier}
}

@article{zhan2021data,
  title={Data requirements and performance evaluation of model predictive control in buildings: A modeling perspective},
  author={Zhan, Sicheng and Chong, Adrian},
  journal={Renewable and Sustainable Energy Reviews},
  pages={110835},
  year={2021},
  doi={https://doi.org/10.1016/j.rser.2021.110835},
  publisher={Elsevier}
}

@article{trvcka2010overview,
  title={Overview of HVAC system simulation},
  author={Tr{\v{c}}ka, Marija and Hensen, Jan LM},
  journal={Automation in Construction},
  volume={19},
  number={2},
  pages={93--99},
  year={2010},
  doi={https://doi.org/10.1016/j.autcon.2009.11.019},
  publisher={Elsevier}
}

@article{gaetani2020stepwise,
  title={A stepwise approach for assessing the appropriate occupant behaviour modelling in building performance simulation},
  author={Gaetani, Isabella and Hoes, Pieter-Jan and Hensen, Jan LM},
  journal={Journal of Building Performance Simulation},
  volume={13},
  number={3},
  pages={362--377},
  year={2020},
  doi={https://doi.org/10.1080/19401493.2020.1734660},
  publisher={Taylor \& Francis}
}

@article{gaetani2020stepwise,
  title={A stepwise approach for assessing the appropriate occupant behaviour modelling in building performance simulation},
  author={Gaetani, Isabella and Hoes, Pieter-Jan and Hensen, Jan LM},
  journal={Journal of Building Performance Simulation},
  volume={13},
  number={3},
  pages={362--377},
  year={2020},
  doi={https://doi.org/10.1080/19401493.2020.1734660},
  publisher={Taylor \& Francis}
}

@article{gaetani2016occupant,
  title={Occupant behavior in building energy simulation: Towards a fit-for-purpose modeling strategy},
  author={Gaetani, Isabella and Hoes, Pieter-Jan and Hensen, Jan LM},
  journal={Energy and Buildings},
  volume={121},
  pages={188--204},
  year={2016},
  doi={https://doi.org/10.1016/j.enbuild.2016.03.038},
  publisher={Elsevier}
}

@article{pfenninger2017importance,
  title={The importance of open data and software: Is energy research lagging behind?},
  author={Pfenninger, Stefan and DeCarolis, Joseph and Hirth, Lion and Quoilin, Sylvain and Staffell, Iain},
  journal={Energy Policy},
  volume={101},
  pages={211--215},
  year={2017},
  doi={http://dx.doi.org/10.1016/j.enpol.2016.11.046},
  publisher={Elsevier}
}

@article{bhandari2012evaluation,
  title={Evaluation of weather datasets for building energy simulation},
  author={Bhandari, Mahabir and Shrestha, Som and New, Joshua},
  journal={Energy and Buildings},
  volume={49},
  pages={109--118},
  year={2012},
  doi={https://doi.org/10.1016/j.enbuild.2012.01.033},
  publisher={Elsevier}
}

@article{peng2015reproducibility,
  title={The reproducibility crisis in science: A statistical counterattack},
  author={Peng, Roger},
  journal={Significance},
  volume={12},
  number={3},
  pages={30--32},
  year={2015},
  doi={https://doi.org/10.1111/j.1740-9713.2015.00827.x},
  publisher={Wiley Online Library}
}

@article{morrison2018energy,
  title={Energy system modeling: Public transparency, scientific reproducibility, and open development},
  author={Morrison, Robbie},
  journal={Energy strategy reviews},
  volume={20},
  pages={49--63},
  year={2018},
  publisher={Elsevier}
}

@article{peng2011reproducible,
  title={Reproducible research in computational science},
  author={Peng, Roger D},
  journal={Science},
  volume={334},
  number={6060},
  pages={1226--1227},
  year={2011},
  doi={10.1126/science.1213847},
  publisher={American Association for the Advancement of Science}
}

@article{pfenninger2018opening,
  title={Opening the black box of energy modelling: Strategies and lessons learned},
  author={Pfenninger, Stefan and Hirth, Lion and Schlecht, Ingmar and Schmid, Eva and Wiese, Frauke and Brown, Tom and Davis, Chris and Gidden, Matthew and Heinrichs, Heidi and Heuberger, Clara and others},
  journal={Energy Strategy Reviews},
  volume={19},
  pages={63--71},
  year={2018},
  doi={https://doi.org/10.1016/j.esr.2017.12.002},
  publisher={Elsevier}
}

@misc{mcnutt2014journals,
  title={Journals unite for reproducibility},
  author={McNutt, Marcia},
  year={2014},
  doi={10.1126/science.aaa1724},
  publisher={American Association for the Advancement of Science}
}

@article{persily2010modeled,
  title={Modeled infiltration rate distributions for US housing},
  author={Persily, Andrew and Musser, Amy and Emmerich, Steven J},
  journal={Indoor air},
  volume={20},
  number={6},
  pages={473--485},
  year={2010},
  doi={https://doi.org/10.1111/j.1600-0668.2010.00669.x},
  publisher={Wiley Online Library}
}

@incollection{augenbroe2019role,
  author      = {Augenbroe, Godfried},
  title       = {The role of simulation in performance-based building},
  editor      = {Hensen, Jan LM and Lamberts, Roberto},
  booktitle   = {Building performance simulation for design and operation},
  publisher   = {Routledge},
  year        = {2019},
  pages       = {343},
  chapter     = {10}
}

@article{aumann2007methodology,
  title={A methodology for developing simulation models of complex systems},
  author={Aumann, Craig A},
  journal={Ecological Modelling},
  volume={202},
  number={3-4},
  pages={385--396},
  year={2007},
  doi={https://doi.org/10.1016/j.ecolmodel.2006.11.005},
  publisher={Elsevier}
}

@article{augenbroe201910,
  title={10 The role of simulation in performance-based building},
  author={Augenbroe, Godfried},
  journal={Building performance simulation for design and operation},
  pages={343},
  year={2019},
  publisher={Routledge}
}

@article{yan2015occupant,
  title={Occupant behavior modeling for building performance simulation: Current state and future challenges},
  author={Yan, Da and O’Brien, William and Hong, Tianzhen and Feng, Xiaohang and Gunay, H Burak and Tahmasebi, Farhang and Mahdavi, Ardeshir},
  journal={Energy and Buildings},
  volume={107},
  pages={264--278},
  year={2015},
  doi={https://doi.org/10.1016/j.enbuild.2015.08.032},
  publisher={Elsevier}
}

@article{raftery2011calibrating,
  title={Calibrating whole building energy models: Detailed case study using hourly measured data},
  author={Raftery, Paul and Keane, Marcus and Costa, Andrea},
  journal={Energy and buildings},
  volume={43},
  number={12},
  pages={3666--3679},
  year={2011},
  doi={https://doi.org/10.1016/j.enbuild.2011.09.039},
  publisher={Elsevier}
}

@article{trvcka2010overview,
  title={Overview of HVAC system simulation},
  author={Tr{\v{c}}ka, Marija and Hensen, Jan LM},
  journal={Automation in Construction},
  volume={19},
  number={2},
  pages={93--99},
  year={2010},
  doi={https://doi.org/10.1016/j.autcon.2009.11.019},
  publisher={Elsevier}
}

@article{gaetani2016occupant,
  title={Occupant behavior in building energy simulation: Towards a fit-for-purpose modeling strategy},
  author={Gaetani, Isabella and Hoes, Pieter-Jan and Hensen, Jan LM},
  journal={Energy and Buildings},
  volume={121},
  pages={188--204},
  year={2016},
  doi={http://dx.doi.org/10.1016/j.enbuild.2016.03.038},
  publisher={Elsevier}
}

@techreport{roth2020innovations,
  title={Innovations in Building Energy Modeling: Research and Development Opportunities for Emerging Technologies},
  author={Roth, Amir},
  year={2020},
  institution={{U.S. Department of Energy, Office of Energy Efficiency & Renewable Energy}}
}

@article{chong2021occupancy,
  title={Occupancy data at different spatial resolutions: Building energy performance and model calibration},
  author={Chong, Adrian and Augenbroe, Godfried and Yan, Da},
  journal={Applied Energy},
  volume={286},
  pages={116492},
  year={2021},
  doi={https://doi.org/10.1016/j.apenergy.2021.116492},
  publisher={Elsevier}
}

@article{carroll1993tuning,
  title={Tuning simulated building descriptions to match actual utility data: methods and implementation},
  author={Carroll, WL and Hitchcock, RJ},
  journal={ASHRAE Transactions-American Society of Heating Refrigerating Airconditioning Engin},
  volume={99},
  number={2},
  pages={928--934},
  year={1993},
  publisher={New York: American Society of Heating, Refrigerating and Air-Conditioning~…}
}

@inproceedings{kennedy1995particle,
  title={Particle swarm optimization},
  author={Kennedy, James and Eberhart, Russell},
  booktitle={Proceedings of ICNN'95-international conference on neural networks},
  volume={4},
  pages={1942--1948},
  year={1995},
  doi={10.1109/ICNN.1995.488968},
  organization={IEEE}
}

@article{deb2002fast,
  title={A fast and elitist multiobjective genetic algorithm: NSGA-II},
  author={Deb, Kalyanmoy and Pratap, Amrit and Agarwal, Sameer and Meyarivan, TAMT},
  journal={IEEE transactions on evolutionary computation},
  volume={6},
  number={2},
  pages={182--197},
  year={2002},
  doi={10.1109/4235.996017},
  publisher={IEEE}
}

@article{hooke1961direct,
  title={``Direct Search''Solution of Numerical and Statistical Problems},
  author={Hooke, Robert and Jeeves, Terry A},
  journal={Journal of the ACM (JACM)},
  volume={8},
  number={2},
  pages={212--229},
  year={1961},
  doi={https://doi.org/10.1145/321062.321069},
  publisher={ACM New York, NY, USA}
}

@misc{hitchcock1991retrofit,
  title={Retrofit Energy Savings Estimation Model Reference Manual},
  author={Hitchcock, RJ and Carroll, WL and Birdsall, BE},
  year={1991},
  address={University of California, Berkeley, CA 94720},
  publisher={Applied Science Division, Lawrence Berkeley Laboratory{(LBL)}}
}

@inproceedings{wetter2003comparison,
  title={Comparison of a generalized pattern search and a genetic algorithm optimization method},
  author={Wetter, Michael and Wright, Jonathan},
  booktitle={Proc. of the 8-th IBPSA Conference},
  volume={3},
  pages={1401--1408},
  year={2003}
}

@inproceedings{wetter2001genopt,
  title={GenOpt-A generic optimization program},
  author={Wetter, Michael and others},
  booktitle={Seventh International IBPSA Conference, Rio de Janeiro},
  pages={601--608},
  year={2001}
}

@article{mathew2015big,
  title={Big-data for building energy performance: Lessons from assembling a very large national database of building energy use},
  author={Mathew, Paul A and Dunn, Laurel N and Sohn, Michael D and Mercado, Andrea and Custudio, Claudine and Walter, Travis},
  journal={Applied Energy},
  volume={140},
  pages={85--93},
  year={2015},
  publisher={Elsevier}
}

@article{liu2011rapid,
  title={A rapid calibration procedure and case study for simplified simulation models of commonly used HVAC systems},
  author={Liu, Guopeng and Liu, Mingsheng},
  journal={Building and Environment},
  volume={46},
  number={2},
  pages={409--420},
  year={2011},
  doi={https://doi.org/10.1016/j.buildenv.2010.08.002},
  publisher={Elsevier}
}

@article{ballarini2014use,
  title={Use of reference buildings to assess the energy saving potentials of the residential building stock: The experience of TABULA project},
  author={Ballarini, Ilaria and Corgnati, Stefano Paolo and Corrado, Vincenzo},
  journal={Energy policy},
  volume={68},
  pages={273--284},
  year={2014},
  doi={https://doi.org/10.1016/j.enpol.2014.01.027},
  publisher={Elsevier}
}

@article{loga2016tabula,
  title={TABULA building typologies in 20 European countries—Making energy-related features of residential building stocks comparable},
  author={Loga, Tobias and Stein, Britta and Diefenbach, Nikolaus},
  journal={Energy and Buildings},
  volume={132},
  pages={4--12},
  year={2016},
  doi={https://doi.org/10.1016/j.enbuild.2016.06.094},
  publisher={Elsevier}
}

@article{raftery2011calibrating,
  title={Calibrating whole building energy models: An evidence-based methodology},
  author={Raftery, Paul and Keane, Marcus and O’Donnell, James},
  journal={Energy and Buildings},
  volume={43},
  number={9},
  pages={2356--2364},
  year={2011},
  doi={https://doi.org/10.1016/j.enbuild.2011.05.020},
  publisher={Elsevier}
}

@article{der2009aleatory,
  title={Aleatory or epistemic? Does it matter?},
  author={Der Kiureghian, Armen and Ditlevsen, Ove},
  journal={Structural safety},
  volume={31},
  number={2},
  pages={105--112},
  year={2009},
  doi={10.1016/j.strusafe.2008.06.020},
  publisher={Elsevier}
}

@phdthesis{sun2014closing,
  title={Closing the building energy performance gap by improving our predictions},
  author={Sun, Yuming},
  year={2014},
  school={Georgia Institute of Technology}
}

@article{roy2011comprehensive,
  title={A comprehensive framework for verification, validation, and uncertainty quantification in scientific computing},
  author={Roy, Christopher J and Oberkampf, William L},
  journal={Computer methods in applied mechanics and engineering},
  volume={200},
  number={25-28},
  pages={2131--2144},
  year={2011},
  doi={10.1016/j.cma.2011.03.016},
  publisher={Elsevier}
}

@article{tian2018review,
  title={A review of uncertainty analysis in building energy assessment},
  author={Tian, Wei and Heo, Yeonsook and De Wilde, Pieter and Li, Zhanyong and Yan, Da and Park, Cheol Soo and Feng, Xiaohang and Augenbroe, Godfried},
  journal={Renewable and Sustainable Energy Reviews},
  volume={93},
  pages={285--301},
  year={2018},
  doi={https://doi.org/10.1016/j.rser.2018.05.029},
  publisher={Elsevier}
}

@techreport{iso13790energy,
  type = {Standard},
  key = {ISO 13790:2008},
  month = mar,
  year = {2008},
  title = {{Energy performance of buildings — Calculation of energy use for space heating and cooling}},
  address = {Geneva, CH},
  institution = {International Organization for Standardization}
}

@techreport{iso52016energy,
  type = {Standard},
  key = {ISO 52016-1:2017},
  month = jun,
  year = {2017},
  title = {{Energy performance of buildings — Energy needs for heating and cooling, internal temperatures and sensible and latent heat loads — Part 1: Calculation procedures}},
  address = {Geneva, CH},
  institution = {International Organization for Standardization}
}

@article{jia2021eplusr,
  title = {eplusr: A framework for integrating building energy simulation and data-driven analytics},
  author = {Hongyuan Jia and Adrian Chong},
  year = {2021},
  journal = "Energy and Buildings",
  pages = "110757",
  doi = "https://doi.org/10.1016/j.enbuild.2021.110757"
}

@article{li2014review,
  title={Review of building energy modeling for control and operation},
  author={Li, Xiwang and Wen, Jin},
  journal={Renewable and Sustainable Energy Reviews},
  volume={37},
  pages={517--537},
  year={2014},
  doi={http://dx.doi.org/10.1016/j.rser.2014.05.056},
  publisher={Elsevier}
}

@article{klein2017trnsys,
  title={{TRNSYS 18}: A transient simulation program},
  author={Klein, Sanford A},
  institution={{Solar Energy Laboratory, University of Wisconsin, Madison, USA}},
  url={https://sel.me.wisc.edu/trnsys},
  year={2017}
}

@techreport{guglielmetti2011openstudio,
  title = {{{OpenStudio}}: {{An Open Source Integrated Analysis Platform}}; {{Preprint}}},
  author = {Guglielmetti, R. and Macumber, D. and Long, N.},
  year = {2011},
  month = {12}
  institution = {{National Renewable Energy Lab. (NREL), Golden, CO (United States)}},
  url = {https://www.osti.gov/biblio/1032670}
}

@misc{philip2020eppy,
  title = {Eppy: Scripting Language for {{E}}+, {{Energyplus}}},
  author = {Philip, Santosh},
  year = {2020},
  publisher = {GitHub},
  journal = {GitHub repository},
  url = {http://www.github.com/santoshphilip/eppy/},
}

@inproceedings{wetter2001genopt,
  title={{GenOpt}-A generic optimization program},
  author={Wetter, Michael},
  booktitle={Seventh International IBPSA Conference},
  address = {{Rio de Janeiro}},
  pages={601--608},
  year={2001}
}

@article{ball2020open,
  title={An open source analysis framework for large-scale building energy modeling},
  author={Ball, Brian L and Long, Nicholas and Fleming, Katherine and Balbach, Chris and Lopez, Phylroy},
  journal={Journal of Building Performance Simulation},
  volume={13},
  number={5},
  pages={487--500},
  year={2020},
  doi={https://doi.org/10.1080/19401493.2020.1778788},
  publisher={Taylor \& Francis}
}

@article{kennedy2001bayesian,
  title={Bayesian calibration of computer models},
  author={Kennedy, Marc C and O'Hagan, Anthony},
  journal={Journal of the Royal Statistical Society: Series B (Statistical Methodology)},
  volume={63},
  number={3},
  pages={425--464},
  year={2001},
  doi={https://doi.org/10.1111/1467-9868.00294},
  publisher={Wiley Online Library}
}

@article{heo2012calibration,
  title={Calibration of building energy models for retrofit analysis under uncertainty},
  author={Heo, Yeonsook and Choudhary, Ruchi and Augenbroe, GA},
  journal={Energy and Buildings},
  volume={47},
  pages={550--560},
  year={2012},
  doi={https://doi.org/10.1016/j.enbuild.2011.12.029},
  publisher={Elsevier}
}

@article{menberg2016sensitivity,
  title={Sensitivity analysis methods for building energy models: Comparing computational costs and extractable information},
  author={Menberg, Kathrin and Heo, Yeonsook and Choudhary, Ruchi},
  journal={Energy and Buildings},
  volume={133},
  pages={433--445},
  year={2016},
  doi={https://doi.org/10.1016/j.enbuild.2016.10.005},
  publisher={Elsevier}
}

@article{morris1991factorial,
  title={Factorial sampling plans for preliminary computational experiments},
  author={Morris, Max D},
  journal={Technometrics},
  volume={33},
  number={2},
  pages={161--174},
  year={1991},
  publisher={Taylor \& Francis}
}

@article{campolongo2007effective,
  title={An effective screening design for sensitivity analysis of large models},
  author={Campolongo, Francesca and Cariboni, Jessica and Saltelli, Andrea},
  journal={Environmental modelling \& software},
  volume={22},
  number={10},
  pages={1509--1518},
  year={2007},
  publisher={Elsevier}
}

@article{glasgo2017assessing,
  title={Assessing the value of information in residential building simulation: Comparing simulated and actual building loads at the circuit level},
  author={Glasgo, Brock and Hendrickson, Chris and Azevedo, In{\^e}s Lima},
  journal={Applied Energy},
  volume={203},
  pages={348--363},
  year={2017},
  doi={http://dx.doi.org/10.1016/j.apenergy.2017.05.164},
  publisher={Elsevier}
}

@article{sobol2001global,
  title={Global sensitivity indices for nonlinear mathematical models and their Monte Carlo estimates},
  author={Sobol, Ilya M},
  journal={Mathematics and computers in simulation},
  volume={55},
  number={1-3},
  pages={271--280},
  year={2001},
  doi={https://doi.org/10.1016/S0378-4754(00)00270-6},
  publisher={Elsevier}
}

@book{saltelli2008global,
  title={Global sensitivity analysis: the primer},
  author={Saltelli, Andrea and Ratto, Marco and Andres, Terry and Campolongo, Francesca and Cariboni, Jessica and Gatelli, Debora and Saisana, Michaela and Tarantola, Stefano},
  year={2008},
  publisher={John Wiley \& Sons}
}

@article{tian2013review,
  title={A review of sensitivity analysis methods in building energy analysis},
  author={Tian, Wei},
  journal={Renewable and Sustainable Energy Reviews},
  volume={20},
  pages={411--419},
  year={2013},
  doi={http://dx.doi.org/10.1016/j.rser.2012.12.014},
  publisher={Elsevier}
}

@book{american1998aiaa,
  title={AIAA guide for the verification and validation of computational fluid dynamics simulations},
  author={American Institute of Aeronautics and Astronautics},
  year={1998},
  doi={https://doi.org/10.2514/4.472855.001},
  publisher={American Institute of aeronautics and astronautics.}
}

@article{ashrae2014guideline,
  title={Guideline 14, Measurement of energy and demand savings},
  author={{ASHRAE}},
  journal={American Society of Heating, Ventilating, and Air Conditioning Engineers, Atlanta, Georgia},
  year={2014}
}

@article{augenbroe2002trends,
  title={Trends in building simulation},
  author={Augenbroe, Godfried},
  journal={Building and Environment},
  volume={37},
  number={8-9},
  pages={891--902},
  year={2002},
  doi={https://doi.org/10.1016/S0360-1323(02)00041-0},
  publisher={Elsevier}
}

@article{beven2006manifesto,
  title={A manifesto for the equifinality thesis},
  author={Beven, Keith},
  journal={Journal of hydrology},
  volume={320},
  number={1-2},
  pages={18--36},
  year={2006},
  doi={https://doi.org/10.1016/j.jhydrol.2005.07.007},
  publisher={Elsevier}
}

@article{coakley2014review,
  title={A review of methods to match building energy simulation models to measured data},
  author={Coakley, Daniel and Raftery, Paul and Keane, Marcus},
  journal={Renewable and sustainable energy reviews},
  volume={37},
  pages={123--141},
  year={2014},
  doi={https://doi.org/10.1016/j.rser.2014.05.007},
  publisher={Elsevier}
}

@article{de2002analysis,
  title={Analysis of uncertainty in building design evaluations and its implications},
  author={De Wit, Sten and Augenbroe, Godfried},
  journal={Energy and buildings},
  volume={34},
  number={9},
  pages={951--958},
  year={2002},
  doi={https://doi.org/10.1016/S0378-7788(02)00070-1},
  publisher={Elsevier}
}

@article{de2014gap,
  title={The gap between predicted and measured energy performance of buildings: A framework for investigation},
  author={De Wilde, Pieter},
  journal={Automation in construction},
  volume={41},
  pages={40--49},
  year={2014},
  doi={http://dx.doi.org/10.1016/j.autcon.2014.02.009},
  publisher={Elsevier}
}

@article{kissock2003inverse,
  title={Inverse modeling toolkit: numerical algorithms},
  author={Kissock, John Kelly and Haberl, Jeff S and Claridge, David E},
  journal={ASHRAE transactions},
  volume={109},
  pages={425},
  year={2003},
  publisher={American Society of Heating, Refrigeration and Air Conditioning Engineers, Inc.}
}

@article{haberl2003inverse,
  title={Inverse model toolkit: Application and testing},
  author={Haberl, Jeff S and Sreshthaputra, Atch and Claridge, David E and Kissock, John Kelly},
  journal={ASHRAE transactions},
  volume={109},
  pages={435},
  year={2003},
  publisher={American Society of Heating, Refrigeration and Air Conditioning Engineers, Inc.}
}

@article{evo2012international,
  title={International Performance Measurement and Verification Protocol: Concepts and Options for Determining Energy and Water Savings Volume 1},
  author={EVO},
  journal={Efficiency Valuation Organization},
  year={2012}
}

@article{evo2014uncertainty,
  title={International Performance Measurement and Verification Protocol: Statistics and Uncertainty for IPMVP},
  author={EVO},
  journal={Efficiency Valuation Organization},
  year={2014}
}

@article{evo2019uncertainty,
  title={Uncertainty assessment for IPMVP, International Performance Measurement and Verification Protocol},
  author={EVO},
  journal={Efficiency Valuation Organization},
  year={2019}
}

@article{femp2015guidelines,
  title={M\&{V} Guidelines: Measurement and Verification for Performance-Based Contracts, Version 4.0},
  author={{US DOE FEMP}},
  journal={Energy Efficiency and Renewable Energy},
  year={2015}
}

@article{fabrizio2015methodologies,
  title={Methodologies and advancements in the calibration of building energy models},
  author={Fabrizio, Enrico and Monetti, Valentina},
  journal={Energies},
  volume={8},
  number={4},
  pages={2548--2574},
  year={2015},
  doi={https://doi.org/10.3390/en8042548},
  publisher={Multidisciplinary Digital Publishing Institute}
}

@book{hensen2019building,
  title={Building performance simulation for design and operation},
  author={Hensen, Jan LM and Lamberts, Roberto},
  year={2019},
  edition={2},
  publisher={Routledge}
}

@article{hong2018building,
  title={Building simulation: Ten challenges},
  author={Hong, Tianzhen and Langevin, Jared and Sun, Kaiyu},
  booktitle={Building Simulation},
  volume={11},
  number={5},
  pages={871--898},
  year={2018},
  doi={https://doi.org/10.1007/s12273-018-0444-x},
  organization={Springer}
}

@article{kim2018review,
  title={A review of fault detection and diagnostics methods for building systems},
  author={Kim, Woohyun and Katipamula, Srinivas},
  journal={Science and Technology for the Built Environment},
  volume={24},
  number={1},
  pages={3--21},
  year={2018},
  doi={https://doi.org/10.1080/23744731.2017.1318008},
  publisher={Taylor \& Francis}
}

@article{konikow1992ground,
  title={Ground-water models cannot be validated},
  author={Konikow, Leonard F and Bredehoeft, John D},
  journal={Advances in water resources},
  volume={15},
  number={1},
  pages={75--83},
  year={1992},
  doi={https://doi.org/10.1016/0309-1708(92)90033-X},
  publisher={Elsevier}
}

@article{lee2019deep,
  title={Deep-learning-based fault detection and diagnosis of air-handling units},
  author={Lee, Kuei-Peng and Wu, Bo-Huei and Peng, Shi-Lin},
  journal={Building and Environment},
  volume={157},
  pages={24--33},
  year={2019},
  doi={https://doi.org/10.1016/j.buildenv.2019.04.029},
  publisher={Elsevier}
}

@article{menezes2012predicted,
  title={Predicted vs. actual energy performance of non-domestic buildings: Using post-occupancy evaluation data to reduce the performance gap},
  author={Menezes, Anna Carolina and Cripps, Andrew and Bouchlaghem, Dino and Buswell, Richard},
  journal={Applied energy},
  volume={97},
  pages={355--364},
  year={2012},
  doi={https://doi.org/10.1016/j.apenergy.2011.11.075},
  publisher={Elsevier}
}

@article{mantesi2018modelling,
  title={The modelling gap: Quantifying the discrepancy in the representation of thermal mass in building simulation},
  author={Mantesi, Eirini and Hopfe, Christina J and Cook, Malcolm J and Glass, Jacqueline and Strachan, Paul},
  journal={Building and Environment},
  volume={131},
  pages={74--98},
  year={2018},
  doi={https://doi.org/10.1016/j.buildenv.2017.12.017},
  publisher={Elsevier}
}

@article{maile2007building,
  title={Building energy performance simulation tools-a life-cycle and interoperable perspective},
  author={Maile, Tobias and Fischer, Martin and Bazjanac, Vladimir},
  journal={Center for Integrated Facility Engineering (CIFE) Working Paper},
  volume={107},
  pages={1--49},
  year={2007}
}

@article{oreskes1994verification,
  title={Verification, validation, and confirmation of numerical models in the earth sciences},
  author={Oreskes, Naomi and Shrader-Frechette, Kristin and Belitz, Kenneth},
  journal={Science},
  volume={263},
  number={5147},
  pages={641--646},
  year={1994},
  doi={10.1126/science.263.5147.641},
  publisher={American Association for the Advancement of Science}
}

@article{reddy2006literature,
  title={Literature review on calibration of building energy simulation programs: uses, problems, procedures, uncertainty, and tools},
  author={Reddy, T Agami},
  journal={ASHRAE transactions},
  volume={112},
  pages={226},
  year={2006},
  publisher={American Society of Heating, Refrigeration and Air Conditioning Engineers, Inc.}
}

@article{reddy2007calibrating,
  title={Calibrating detailed building energy simulation programs with measured data—Part I: General methodology (RP-1051)},
  author={Reddy, T Agami and Maor, Itzhak and Panjapornpon, Chanin},
  journal={Hvac\&R Research},
  volume={13},
  number={2},
  pages={221--241},
  year={2007},
  doi = {10.1080/10789669.2007.10390952},
  publisher={Taylor \& Francis}
}

@article{rykiel1996testing,
  title={Testing ecological models: the meaning of validation},
  author={Rykiel Jr, Edward J},
  journal={Ecological modelling},
  volume={90},
  number={3},
  pages={229--244},
  year={1996},
  doi={https://doi.org/10.1016/0304-3800(95)00152-2},
  publisher={Elsevier}
}


@article{trucano2006calibration,
  title={Calibration, validation, and sensitivity analysis: What's what},
  author={Trucano, Timothy G and Swiler, Laura Painton and Igusa, Takera and Oberkampf, William L and Pilch, Martin},
  journal={Reliability Engineering \& System Safety},
  volume={91},
  number={10-11},
  pages={1331--1357},
  year={2006},
  doi={https://doi.org/10.1016/j.ress.2005.11.031},
  publisher={Elsevier}
}

@article{turner2008energy,
  title={Energy performance of LEED for new construction buildings},
  author={Turner, Cathy and Frankel, Mark and others},
  journal={New Buildings Institute},
  volume={4},
  pages={1--42},
  year={2008}
}

@article{yi2019parameter,
  title={Parameter identifiability in Bayesian inference for building energy models},
  author={Yi, Dong Hyuk and Kim, Deuk Woo and Park, Cheol Soo},
  journal={Energy and Buildings},
  volume={198},
  pages={318--328},
  year={2019},
  doi={https://doi.org/10.1016/j.enbuild.2019.06.012},
  publisher={Elsevier}
}


@article{yoshino2017iea,
  title={IEA EBC annex 53: Total energy use in buildings—Analysis and evaluation methods},
  author={Yoshino, Hiroshi and Hong, Tianzhen and Nord, Natasa},
  journal={Energy and Buildings},
  volume={152},
  pages={124--136},
  year={2017},
  doi={https://doi.org/10.1016/j.enbuild.2017.07.038},
  publisher={Elsevier}
}


@article{zhang2017modeling,
  title={Modeling of HVAC operational faults in building performance simulation},
  author={Zhang, Rongpeng and Hong, Tianzhen},
  journal={Applied Energy},
  volume={202},
  pages={178--188},
  year={2017},
  doi={https://doi.org/10.1016/j.apenergy.2017.05.153},
  publisher={Elsevier}
}

@article{zhang2019whole,
  title={Whole building energy model for HVAC optimal control: A practical framework based on deep reinforcement learning},
  author={Zhang, Zhiang and Chong, Adrian and Pan, Yuqi and Zhang, Chenlu and Lam, Khee Poh},
  journal={Energy and Buildings},
  volume={199},
  pages={472--490},
  year={2019},
  doi={https://doi.org/10.1016/j.enbuild.2019.07.029},
  publisher={Elsevier}
}

@ARTICLE{kantehsakiliba2020energy,
author={Kanteh Sakiliba, S. and Bolton, N. and Sooriyabandara, M.},
title={The Energy Performance and Techno-Economic Analysis of Zero Energy Bill Homes},
journal={Energy and Buildings},
year={2020},
volume={228},
doi={10.1016/j.enbuild.2020.110426}
}

@ARTICLE{tardioli2020methodology,
author={Tardioli, G. and Narayan, A. and Kerrigan, R. and Oates, M. and O'Donnell, J. and Finn, D.P.},
title={A methodology for calibration of building energy models at district scale using clustering and surrogate techniques},
journal={Energy and Buildings},
year={2020},
volume={226},
doi={10.1016/j.enbuild.2020.110309}
}

@ARTICLE{chen2020automatic,
author={Chen, Y. and Deng, Z. and Hong, T.},
title={Automatic and rapid calibration of urban building energy models by learning from energy performance database},
journal={Applied Energy},
year={2020},
volume={277},
doi={10.1016/j.apenergy.2020.115584}
}



@ARTICLE{Jing20201217,
author={Jing, B. and Qian, Z. and Pei, Y. and Zhang, L. and Yang, T.},
title={Improving wind turbine efficiency through detection and calibration of yaw misalignment},
journal={Renewable Energy},
year={2020},
volume={160},
pages={1217-1227},
doi={10.1016/j.renene.2020.07.063}
}

@ARTICLE{beagon2020closing,
author={Beagon, P. and Boland, F. and Saffari, M.},
title={Closing the gap between simulation and measured energy use in home archetypes},
journal={Energy and Buildings},
year={2020},
volume={224},
doi={10.1016/j.enbuild.2020.110244}
}

@ARTICLE{tuysuz2020calibrating,
author={Tüysüz, F. and Sözer, H.},
title={Calibrating the building energy model with the short term monitored data: A case study of a large-scale residential building},
journal={Energy and Buildings},
year={2020},
volume={224},
doi={10.1016/j.enbuild.2020.110207}
}

@ARTICLE{jain2020cross,
author={Jain, N. and Burman, E. and Stamp, S. and Mumovic, D. and Davies, M.},
title={Cross-sectoral assessment of the performance gap using calibrated building energy performance simulation},
journal={Energy and Buildings},
year={2020},
volume={224},
doi={10.1016/j.enbuild.2020.110271}
}


@ARTICLE{Ha2020parameter,
author={Ha, S.-W. and Park, S.-H. and Eom, J.-Y. and Oh, M.-S. and Cho, G.-Y. and Kim, E.-J.},
title={Parameter calibration for a TRNSYS BIPV model using in situ test data},
journal={Energies},
year={2020},
volume={13},
number={18},
doi={10.3390/en13184935}
}

@ARTICLE{zhang2020development,
author={Zhang, Q. and Tian, Z. and Ma, Z. and Li, G. and Lu, Y. and Niu, J.},
title={Development of the heating load prediction model for the residential building of district heating based on model calibration},
journal={Energy},
year={2020},
volume={205},
doi={10.1016/j.energy.2020.117949}
}

@ARTICLE{fernandez2020novel,
author={Fernandez, J. and del Portillo, L. and Flores, I.},
title={A novel residential heating consumption characterisation approach at city level from available public data: Description and case study},
journal={Energy and Buildings},
year={2020},
volume={221},
doi={10.1016/j.enbuild.2020.110082}
}

@ARTICLE{Rosato2020,
author={Rosato, A. and Guarino, F. and Filomena, V. and Sibilio, S. and Maffei, L.},
title={Experimental calibration and validation of a simulation model for fault detection of HVAC systems and application to a case study},
journal={Energies},
year={2020},
volume={13},
number={15},
doi={10.3390/en13153948}
}

@ARTICLE{zhu2020uncertainty,
author={Zhu, C. and Tian, W. and Yin, B. and Li, Z. and Shi, J.},
title={Uncertainty calibration of building energy models by combining approximate Bayesian computation and machine learning algorithms},
journal={Applied Energy},
year={2020},
volume={268},
doi={10.1016/j.apenergy.2020.115025}
}

@ARTICLE{kristensen2020long,
author={Kristensen, M.H. and Hedegaard, R.E. and Petersen, S.},
title={Long-term forecasting of hourly district heating loads in urban areas using hierarchical archetype modeling},
journal={Energy},
year={2020},
volume={201},
doi={10.1016/j.energy.2020.117687}
}

@ARTICLE{martinez2020performance,
author={Martínez, S. and Eguía, P. and Granada, E. and Moazami, A. and Hamdy, M.},
title={A performance comparison of multi-objective optimization-based approaches for calibrating white-box building energy models.},
journal={Energy and Buildings},
year={2020},
volume={216},
doi={10.1016/j.enbuild.2020.109942}
}

@ARTICLE{Woo2020,
author={Woo, D.-O. and Junghans, L.},
title={Framework for model predictive control (MPC)-based surface condensation prevention for thermo-active building systems (TABS)},
journal={Energy and Buildings},
year={2020},
volume={215},
doi={10.1016/j.enbuild.2020.109898}
}

@ARTICLE{wang2020bayesian,
author={Wang, C.-K. and Tindemans, S. and Miller, C. and Agugiaro, G. and Stoter, J.},
title={Bayesian calibration at the urban scale: a case study on a large residential heating demand application in Amsterdam},
journal={Journal of Building Performance Simulation},
year={2020},
volume={13},
number={3},
pages={347-361},
doi={10.1080/19401493.2020.1729862}
}

@ARTICLE{ascione2020real,
author={Ascione, F. and Bianco, N. and Iovane, T. and Mauro, G.M. and Napolitano, D.F. and Ruggiano, A. and Viscido, L.},
title={A real industrial building: Modeling, calibration and Pareto optimization of energy retrofit},
journal={Journal of Building Engineering},
year={2020},
volume={29},
doi={10.1016/j.jobe.2020.101186}
}

@ARTICLE{Andrade-Cabrera2020,
author={Andrade-Cabrera, C. and O'Dwyer, C. and Finn, D.P.},
title={Integrated cost-optimal residential envelope retrofit decision-making and power systems optimisation using Ensemble models},
journal={Energy and Buildings},
year={2020},
volume={214},
doi={10.1016/j.enbuild.2020.109833}
}

@ARTICLE{ferrara2020optimizing,
author={Ferrara, M. and Lisciandrello, C. and Messina, A. and Berta, M. and Zhang, Y. and Fabrizio, E.},
title={Optimizing the transition between design and operation of ZEBs: Lessons learnt from the Solar Decathlon China 2018 SCUTxPoliTo prototype},
journal={Energy and Buildings},
year={2020},
volume={213},
doi={10.1016/j.enbuild.2020.109824}
}

@ARTICLE{martinez2020model,
author={Martínez, S. and Pérez, E. and Eguía, P. and Erkoreka, A. and Granada, E.},
title={Model calibration and exergoeconomic optimization with NSGA-II applied to a residential cogeneration},
journal={Applied Thermal Engineering},
year={2020},
volume={169},
doi={10.1016/j.applthermaleng.2020.114916}
}

@ARTICLE{manfren2020parametric,
author={Manfren, M. and Nastasi, B.},
title={Parametric performance analysis and energy model calibration workflow integration - A scalable approach for buildings},
journal={Energies},
year={2020},
volume={13},
number={3},
doi={10.3390/en13030621}
}

@ARTICLE{sakiyama2020natural,
author={Sakiyama, N.R.M. and Mazzaferro, L. and Carlo, J.C. and Bejat, T. and Garrecht, H.},
title={Natural ventilation potential from weather analyses and building simulation},
journal={Energy and Buildings},
year={2020},
doi={10.1016/j.enbuild.2020.110596}
}

@ARTICLE{lundstrom2019bayesian,
author={Lundström, L. and Akander, J.},
title={Bayesian calibration with augmented stochastic state-space models of district-heated multifamily buildings},
journal={Energies},
year={2019},
volume={13},
number={1},
doi={10.3390/en13010076}
}

@ARTICLE{chen2019meta,
author={Chen, J. and Gao, X. and Hu, Y. and Zeng, Z. and Liu, Y.},
title={A meta-model-based optimization approach for fast and reliable calibration of building energy models},
journal={Energy},
year={2019},
volume={188},
doi={10.1016/j.energy.2019.116046}
}

@ARTICLE{zuhaib2019application,
author={Zuhaib, S. and Hajdukiewicz, M. and Goggins, J.},
title={Application of a staged automated calibration methodology to a partially-retrofitted university building energy model},
journal={Journal of Building Engineering},
year={2019},
volume={26},
doi={10.1016/j.jobe.2019.100866}
}

@ARTICLE{larochellemartin2019energy,
author={Larochelle Martin, G. and Monfet, D. and Nouanegue, H.F. and Lavigne, K. and Sansregret, S.},
title={Energy calibration of HVAC sub-system model using sensitivity analysis and meta-heuristic optimization},
journal={Energy and Buildings},
year={2019},
volume={202},
doi={10.1016/j.enbuild.2019.109382}
}

@ARTICLE{odonovan2019predicting,
author={O' Donovan, A. and O' Sullivan, P.D. and Murphy, M.D.},
title={Predicting air temperatures in a naturally ventilated nearly zero energy building: Calibration, validation, analysis and approaches},
journal={Applied Energy},
year={2019},
volume={250},
pages={991-1010},
doi={10.1016/j.apenergy.2019.04.082}
}

@ARTICLE{krayem2019urban,
author={Krayem, A. and Al Bitar, A. and Ahmad, A. and Faour, G. and Gastellu-Etchegorry, J.-P. and Lakkis, I. and Gerard, J. and Zaraket, H. and Yeretzian, A. and Najem, S.},
title={Urban energy modeling and calibration of a coastal Mediterranean city: The case of Beirut},
journal={Energy and Buildings},
year={2019},
volume={199},
pages={223-234},
doi={10.1016/j.enbuild.2019.06.050}
}

@ARTICLE{chen2019district,
author={Chen, S. and Friedrich, D. and Yu, Z. and Yu, J.},
title={District heating network demand prediction using a physics-based energy model with a Bayesian approach for parameter calibration},
journal={Energies},
year={2019},
volume={12},
number={18},
doi={10.3390/en12183408}
}

@ARTICLE{asadi2019building,
author={Asadi, S. and Mostavi, E. and Boussaa, D. and Indaganti, M.},
title={Building energy model calibration using automated optimization-based algorithm},
journal={Energy and Buildings},
year={2019},
volume={198},
pages={106-114},
doi={10.1016/j.enbuild.2019.06.001}
}


@ARTICLE{aparicio-fernandez2019energy,
author={Aparicio-Fernández, C. and Vivancos, J.-L. and Cosar-Jorda, P. and Buswell, R.A.},
title={Energy modelling and calibration of building simulations: A case study of a domestic building with natural ventilation},
journal={Energies},
year={2019},
volume={12},
number={17},
doi={10.3390/en12173360}
}

@ARTICLE{tian2019investigation,
author={Tian, S. and Shao, S. and Liu, B.},
title={Investigation on transient energy consumption of cold storages: Modeling and a case study},
journal={Energy},
year={2019},
volume={180},
pages={1-9},
doi={10.1016/j.energy.2019.04.217}
}

@ARTICLE{Wawrzyńczak2019787,
author={Wawrzyńczak, D. and Panowski, M. and Majchrzak-Kucęba, I.},
title={Possibilities of CO<inf>2</inf> purification coming from oxy-combustion for enhanced oil recovery and storage purposes by adsorption method on activated carbon},
journal={Energy},
year={2019},
volume={180},
pages={787-796},
doi={10.1016/j.energy.2019.05.068}
}

@ARTICLE{ye2019methodology,
author={Ye, Y. and Hinkelman, K. and Zhang, J. and Zuo, W. and Wang, G.},
title={A methodology to create prototypical building energy models for existing buildings: A case study on U.S. religious worship buildings},
journal={Energy and Buildings},
year={2019},
volume={194},
pages={351-365},
doi={10.1016/j.enbuild.2019.04.037}
}

@ARTICLE{chong2019continuous,
author={Chong, A. and Xu, W. and Chao, S. and Ngo, N.-T.},
title={Continuous-time Bayesian calibration of energy models using BIM and energy data},
journal={Energy and Buildings},
year={2019},
volume={194},
pages={177-190},
doi={10.1016/j.enbuild.2019.04.017}
}

@ARTICLE{taylor2019multi,
author={Taylor, Z.T. and Xie, Y. and Burleyson, C.D. and Voisin, N. and Kraucunas, I.},
title={A multi-scale calibration approach for process-oriented aggregated building energy demand models},
journal={Energy and Buildings},
year={2019},
volume={191},
pages={82-94},
doi={10.1016/j.enbuild.2019.02.018}
}

@ARTICLE{hedegaard2019bottom,
author={Hedegaard, R.E. and Kristensen, M.H. and Pedersen, T.H. and Brun, A. and Petersen, S.},
title={Bottom-up modelling methodology for urban-scale analysis of residential space heating demand response},
journal={Applied Energy},
year={2019},
volume={242},
pages={181-204},
doi={10.1016/j.apenergy.2019.03.063}
}

@ARTICLE{nagpal2019framework,
author={Nagpal, S. and Hanson, J. and Reinhart, C.},
title={A framework for using calibrated campus-wide building energy models for continuous planning and greenhouse gas emissions reduction tracking},
journal={Applied Energy},
year={2019},
volume={241},
pages={82-97},
doi={10.1016/j.apenergy.2019.03.010}
}


@ARTICLE{andrade-cabrera2019augmented,
author={Andrade-Cabrera, C. and Turner, W.J.N. and Finn, D.P.},
title={Augmented Ensemble Calibration of lumped-parameter building models},
journal={Building Simulation},
year={2019},
volume={12},
number={2},
pages={207-230},
doi={10.1007/s12273-018-0473-5}
}

@ARTICLE{rouchier2019sequential,
author={Rouchier, S. and Jiménez, M.J. and Castaño, S.},
title={Sequential Monte Carlo for on-line parameter estimation of a lumped building energy model},
journal={Energy and Buildings},
year={2019},
volume={187},
pages={86-94},
doi={10.1016/j.enbuild.2019.01.045}
}


@ARTICLE{martinez2019energy,
author={Martínez, S. and Erkoreka, A. and Eguía, P. and Granada, E. and Febrero, L.},
title={Energy characterization of a PASLINK test cell with a gravel covered roof using a novel methodology: Sensitivity analysis and Bayesian calibration},
journal={Journal of Building Engineering},
year={2019},
volume={22},
pages={1-11},
doi={10.1016/j.jobe.2018.11.010}
}


@article{deru2011us,
  title={{US Department of Energy} commercial reference building models of the national building stock},
  author={Deru, Michael and Field, Kristin and Studer, Daniel and Benne, Kyle and Griffith, Brent and Torcellini, Paul and Liu, Bing and Halverson, Mark and Winiarski, Dave and Rosenberg, Michael and others},
  year={2011},
  publisher={National Renewable Energy Laboratory}
}

@ARTICLE{nagpal2019methodology,
author={Nagpal, S. and Mueller, C. and Aijazi, A. and Reinhart, C.F.},
title={A methodology for auto-calibrating urban building energy models using surrogate modeling techniques},
journal={Journal of Building Performance Simulation},
year={2019},
volume={12},
number={1},
pages={1-16},
doi={10.1080/19401493.2018.1457722}

@ARTICLE{menberg2019influence,
author={Menberg, K. and Heo, Y. and Choudhary, R.},
title={Influence of error terms in Bayesian calibration of energy system models},
journal={Journal of Building Performance Simulation},
year={2019},
volume={12},
number={1},
pages={82-96},
doi={10.1080/19401493.2018.1475506}
}

@ARTICLE{derosa2019iterative,
author={De Rosa, M. and Brennenstuhl, M. and Cabrera, C.A. and Eicker, U. and Finn, D.P.},
title={An iterative methodology for model complexity reduction in residential building simulation},
journal={Energies},
year={2019},
volume={12},
number={12},
doi={10.3390/en12122448}
}

@ARTICLE{tronchin2018linking,
author={Tronchin, L. and Manfren, M. and James, P.A.},
title={Linking design and operation performance analysis through model calibration: Parametric assessment on a Passive House building},
journal={Energy},
year={2018},
volume={165},
pages={26-40},
doi={10.1016/j.energy.2018.09.037}
}

@ARTICLE{li2018stepwise,
author={Li, W. and Tian, Z. and Lu, Y. and Fu, F.},
title={Stepwise calibration for residential building thermal performance model using hourly heat consumption data},
journal={Energy and Buildings},
year={2018},
volume={181},
pages={10-25},
doi={10.1016/j.enbuild.2018.10.001}
}

@ARTICLE{Michels201832,
author={Michels, C. and Güths, S. and Marinoski, D.L. and Lamberts, R.},
title={Development of an experimental test rig for the evaluation of the thermal performance of building roofs},
journal={Energy and Buildings},
year={2018},
volume={180},
pages={32-41},
doi={10.1016/j.enbuild.2018.09.023}
}

@ARTICLE{lim2018influences,
author={Lim, H. and Zhai, Z.J.},
title={Influences of energy data on Bayesian calibration of building energy model},
journal={Applied Energy},
year={2018},
volume={231},
pages={686-698},
doi={10.1016/j.apenergy.2018.09.156}
}

@ARTICLE{Venturini2018343,
author={Venturini, M. and Manservigi, L. and Alvisi, S. and Simani, S.},
title={Development of a physics-based model to predict the performance of pumps as turbines},
journal={Applied Energy},
year={2018},
volume={231},
pages={343-354},
doi={10.1016/j.apenergy.2018.09.054}
}

@ARTICLE{kristensen2018hierarchical,
author={Kristensen, M.H. and Hedegaard, R.E. and Petersen, S.},
title={Hierarchical calibration of archetypes for urban building energy modeling},
journal={Energy and Buildings},
year={2018},
volume={175},
pages={219-234},
doi={10.1016/j.enbuild.2018.07.030}
}

@ARTICLE{Lizana2018310,
author={Lizana, J. and Serrano-Jimenez, A. and Ortiz, C. and Becerra, J.A. and Chacartegui, R.},
title={Energy assessment method towards low-carbon energy schools},
journal={Energy},
year={2018},
volume={159},
pages={310-326},
doi={10.1016/j.energy.2018.06.147}
}

@ARTICLE{chong2018guidelines,
author={Chong, A. and Menberg, K.},
title={Guidelines for the Bayesian calibration of building energy models},
journal={Energy and Buildings},
year={2018},
volume={174},
pages={527-547},
doi={10.1016/j.enbuild.2018.06.028}
}

@ARTICLE{zekar2018development,
author={Zekar, A. and Khatib, S.E.},
title={Development and assessment of simplified building representations under the context of an urban energy model: Application to arid climate environment},
journal={Energy and Buildings},
year={2018},
volume={173},
pages={461-469},
doi={10.1016/j.enbuild.2018.04.030}
}

@ARTICLE{figueiredo2018multiyear,
author={Figueiredo, R. and Nunes, P. and Brito, M.C.},
title={Multiyear calibration of simulations of energy systems},
journal={Energy},
year={2018},
volume={157},
pages={932-939},
doi={10.1016/j.energy.2018.05.188}
}

@ARTICLE{qiu2018quick,
author={Qiu, S. and Li, Z. and Pang, Z. and Zhang, W. and Li, Z.},
title={A quick auto-calibration approach based on normative energy models},
journal={Energy and Buildings},
year={2018},
volume={172},
pages={35-46},
doi={10.1016/j.enbuild.2018.04.053}
}

@ARTICLE{allard2018energy,
author={Allard, I. and Olofsson, T. and Nair, G.},
title={Energy evaluation of residential buildings: Performance gap analysis incorporating uncertainties in the evaluation methods},
journal={Building Simulation},
year={2018},
volume={11},
number={4},
pages={725-737},
doi={10.1007/s12273-018-0439-7}
}

@ARTICLE{schreiber2018predicting,
author={Schreiber, H. and Lanzerath, F. and Bardow, A.},
title={Predicting performance of adsorption thermal energy storage: From experiments to validated dynamic models},
journal={Applied Thermal Engineering},
year={2018},
volume={141},
pages={548-557},
doi={10.1016/j.applthermaleng.2018.05.094}
}



@ARTICLE{figueiredo2018comparison,
author={Figueiredo, A. and Kämpf, J. and Vicente, R. and Oliveira, R. and Silva, T.},
title={Comparison between monitored and simulated data using evolutionary algorithms: Reducing the performance gap in dynamic building simulation},
journal={Journal of Building Engineering},
year={2018},
volume={17},
pages={96-106},
doi={10.1016/j.jobe.2018.02.003}
}

@ARTICLE{santos2018evaluating,
author={Santos, L.G.R. and Afshari, A. and Norford, L.K. and Mao, J.},
title={Evaluating approaches for district-wide energy model calibration considering the Urban Heat Island effect},
journal={Applied Energy},
year={2018},
volume={215},
pages={31-40},
doi={10.1016/j.apenergy.2018.01.089}
}


@ARTICLE{lee2018improvements,
author={Lee, J. and Yoo, S. and Kim, J. and Song, D. and Jeong, H.},
title={Improvements to the customer baseline load (CBL) using standard energy consumption considering energy efficiency and demand response},
journal={Energy},
year={2018},
volume={144},
pages={1052-1063},
doi={10.1016/j.energy.2017.12.044}
}

@ARTICLE{allesina2018calibration,
author={Allesina, G. and Mussatti, E. and Ferrari, F. and Muscio, A.},
title={A calibration methodology for building dynamic models based on data collected through survey and billings},
journal={Energy and Buildings},
year={2018},
volume={158},
pages={406-416},
doi={10.1016/j.enbuild.2017.09.089}
}

@ARTICLE{kim2018model,
author={Kim, D. and Cox, S.J. and Cho, H. and Im, P.},
title={Model calibration of a variable refrigerant flow system with a dedicated outdoor air system: A case study},
journal={Energy and Buildings},
year={2018},
volume={158},
pages={884-896},
doi={10.1016/j.enbuild.2017.10.049}
}

@ARTICLE{Elharidi2018431,
author={Elharidi, A.M. and Tuohy, P.G. and Teamah, M.A.},
title={The energy and indoor environmental performance of Egyptian offices: Parameter analysis and future policy},
journal={Energy and Buildings},
year={2018},
volume={158},
pages={431-452},
doi={10.1016/j.enbuild.2017.10.035}
}

@ARTICLE{abdelalim2017data,
author={Abdelalim, A. and O'Brien, W. and Shi, Z.},
title={Data visualization and analysis of energy flow on a multi-zone building scale},
journal={Automation in Construction},
year={2017},
volume={84},
pages={258-273},
doi={10.1016/j.autcon.2017.09.012}
}

@ARTICLE{bandera2017towards,
author={Bandera, C.F. and Ruiz, G.R.},
title={Towards a new generation of building envelope calibration},
journal={Energies},
year={2017},
volume={10},
number={12},
doi={10.3390/en10122102}
}

@ARTICLE{lim2017comprehensive,
author={Lim, H. and Zhai, Z.J.},
title={Comprehensive evaluation of the influence of meta-models on Bayesian calibration},
journal={Energy and Buildings},
year={2017},
volume={155},
pages={66-75},
doi={10.1016/j.enbuild.2017.09.009}
}

@ARTICLE{andrade-cabrera2017ensemble,
author={Andrade-Cabrera, C. and Burke, D. and Turner, W.J.N. and Finn, D.P.},
title={Ensemble Calibration of lumped parameter retrofit building models using Particle Swarm Optimization},
journal={Energy and Buildings},
year={2017},
volume={155},
pages={513-532},
doi={10.1016/j.enbuild.2017.09.035}
}

@ARTICLE{cerezo2017comparison,
author={Cerezo, C. and Sokol, J. and AlKhaled, S. and Reinhart, C. and Al-Mumin, A. and Hajiah, A.},
title={Comparison of four building archetype characterization methods in urban building energy modeling (UBEM): A residential case study in Kuwait City},
journal={Energy and Buildings},
year={2017},
volume={154},
pages={321-334},
doi={10.1016/j.enbuild.2017.08.029}
}

@ARTICLE{chong2017bayesian,
author={Chong, A. and Lam, K.P. and Pozzi, M. and Yang, J.},
title={Bayesian calibration of building energy models with large datasets},
journal={Energy and Buildings},
year={2017},
volume={154},
pages={343-355},
doi={10.1016/j.enbuild.2017.08.069}
}

@ARTICLE{Bottarelli2017391,
author={Bottarelli, M. and Bortoloni, M. and Zannoni, G. and Allen, R. and Cherry, N.},
title={CFD analysis of roof tile coverings},
journal={Energy},
year={2017},
volume={137},
pages={391-398},
doi={10.1016/j.energy.2017.03.081}
}


@ARTICLE{escandon2017assessment,
author={Escandón, R. and Suárez, R. and Sendra, J.J.},
title={On the assessment of the energy performance and environmental behaviour of social housing stock for the adjustment between simulated and measured data: The case of mild winters in the Mediterranean climate of southern Europe},
journal={Energy and Buildings},
year={2017},
volume={152},
pages={418-433},
doi={10.1016/j.enbuild.2017.07.063}
}

@ARTICLE{cornaro2017energy,
author={Cornaro, C. and Rossi, S. and Cordiner, S. and Mulone, V. and Ramazzotti, L. and Rinaldi, Z.},
title={Energy performance analysis of STILE house at the Solar Decathlon 2015: Lessons learned},
journal={Journal of Building Engineering},
year={2017},
volume={13},
pages={11-27},
doi={10.1016/j.jobe.2017.06.015}
}


@ARTICLE{cacabelos2017development,
author={Cacabelos, A. and Eguía, P. and Febrero, L. and Granada, E.},
title={Development of a new multi-stage building energy model calibration methodology and validation in a public library},
journal={Energy and Buildings},
year={2017},
volume={146},
pages={182-199},
doi={10.1016/j.enbuild.2017.04.071}
}

@ARTICLE{ascione2017energy,
author={Ascione, F. and Bianco, N. and De Masi, R.F. and Mauro, G.M. and Vanoli, G.P.},
title={Energy retrofit of educational buildings: Transient energy simulations, model calibration and multi-objective optimization towards nearly zero-energy performance},
journal={Energy and Buildings},
year={2017},
volume={144},
pages={303-319},
doi={10.1016/j.enbuild.2017.03.056}
}

@ARTICLE{ogando2017energy,
author={Ogando, A. and Cid, N. and Fernández, M.},
title={Energy modelling and automated calibrations of ancient building simulations: A case study of a school in the northwest of Spain},
journal={Energies},
year={2017},
volume={10},
number={6},
doi={10.3390/en10060807}
}

@ARTICLE{mylona2017frozen,
author={Mylona, Z. and Kolokotroni, M. and Tassou, S.A.},
title={Frozen food retail: Measuring and modelling energy use and space environmental systems in an operational supermarket},
journal={Energy and Buildings},
year={2017},
volume={144},
pages={129-143},
doi={10.1016/j.enbuild.2017.03.049}
}


@ARTICLE{elharidi2017energy,
author={Elharidi, A.M. and Tuohy, P.G. and Teamah, M.A. and Hanafy, A.A.},
title={Energy and indoor environmental performance of typical Egyptian offices: Survey, baseline model and uncertainties},
journal={Energy and Buildings},
year={2017},
volume={135},
pages={367-384},
doi={10.1016/j.enbuild.2016.11.011}
}

@ARTICLE{yun2017development,
author={Yun, G.Y. and Song, K.},
title={Development of an automatic calibration method of a VRF energy model for the design of energy efficient buildings},
journal={Energy and Buildings},
year={2017},
volume={135},
pages={156-165},
doi={10.1016/j.enbuild.2016.11.060}
}

@ARTICLE{mihai2017bottom,
author={Mihai, A. and Zmeureanu, R.},
title={Bottom-up evidence-based calibration of the HVAC air-side loop of a building energy model},
journal={Journal of Building Performance Simulation},
year={2017},
volume={10},
number={1},
pages={105-123},
doi={10.1080/19401493.2016.1152302}
}

@ARTICLE{kim2017building,
author={Kim, Y.-S. and Heidarinejad, M. and Dahlhausen, M. and Srebric, J.},
title={Building energy model calibration with schedules derived from electricity use data},
journal={Applied Energy},
year={2017},
volume={190},
pages={997-1007},
doi={10.1016/j.apenergy.2016.12.167}
}

@ARTICLE{ramosruiz2017analysis,
author={Ramos Ruiz, G. and Fernández Bandera, C.},
title={Analysis of uncertainty indices used for building envelope calibration},
journal={Applied Energy},
year={2017},
volume={185},
pages={82-94},
doi={10.1016/j.apenergy.2016.10.054}
}

@ARTICLE{enriquez2017towards,
author={Enríquez, R. and Jiménez, M.J. and Heras, M.R.},
title={Towards non-intrusive thermal load Monitoring of buildings: BES calibration},
journal={Applied Energy},
year={2017},
volume={191},
pages={44-54},
doi={10.1016/j.apenergy.2017.01.050}
}

@ARTICLE{yuan2017simultaneous,
author={Yuan, J. and Nian, V. and Su, B. and Meng, Q.},
title={A simultaneous calibration and parameter ranking method for building energy models},
journal={Applied Energy},
year={2017},
volume={206},
pages={657-666},
doi={10.1016/j.apenergy.2017.08.220}
}

@ARTICLE{sokol2017validation,
author={Sokol, J. and Cerezo Davila, C. and Reinhart, C.F.},
title={Validation of a Bayesian-based method for defining residential archetypes in urban building energy models},
journal={Energy and Buildings},
year={2017},
volume={134},
pages={11-24},
doi={10.1016/j.enbuild.2016.10.050}
}

@ARTICLE{kazas2017energy,
author={Kazas, G. and Fabrizio, E. and Perino, M.},
title={Energy demand profile generation with detailed time resolution at an urban district scale: A reference building approach and case study},
journal={Applied Energy},
year={2017},
volume={193},
pages={243-262},
doi={10.1016/j.apenergy.2017.01.095}
}

@ARTICLE{Grasreiner2017190,
author={Grasreiner, S. and Neumann, J. and Wensing, M. and Hasse, C.},
title={Model-based virtual engine calibration with the help of phenomenological methods for spark-ignited engines},
journal={Applied Thermal Engineering},
year={2017},
volume={121},
pages={190-199},
doi={10.1016/j.applthermaleng.2017.04.046}
}


@ARTICLE{kim2016stepwise,
author={Kim, Y.-J. and Park, C.-S.},
title={Stepwise deterministic and stochastic calibration of an energy simulation model for an existing building},
journal={Energy and Buildings},
year={2016},
volume={133},
pages={455-468},
doi={10.1016/j.enbuild.2016.10.009}
}

@ARTICLE{kim2016development,
author={Kim, K.H. and Haberl, J.S.},
title={Development of a home energy audit methodology for determining energy and cost efficient measures using an easy-to-use simulation: Test results from single-family houses in Texas, USA},
journal={Building Simulation},
year={2016},
volume={9},
number={6},
pages={617-628},
doi={10.1007/s12273-016-0299-y}
}

@ARTICLE{chaudhary2016evaluation,
author={Chaudhary, G. and New, J. and Sanyal, J. and Im, P. and O'Neill, Z. and Garg, V.},
title={Evaluation of “Autotune” calibration against manual calibration of building energy models},
journal={Applied Energy},
year={2016},
volume={182},
pages={115-134},
doi={10.1016/j.apenergy.2016.08.073}
}

@ARTICLE{yang2016automated,
author={Yang, T. and Pan, Y. and Mao, J. and Wang, Y. and Huang, Z.},
title={An automated optimization method for calibrating building energy simulation models with measured data: Orientation and a case study},
journal={Applied Energy},
year={2016},
volume={179},
pages={1220-1231},
doi={10.1016/j.apenergy.2016.07.084}
}

@ARTICLE{tagliabue2016probabilistic,
author={Tagliabue, L.C. and Manfren, M. and Ciribini, A.L.C. and De Angelis, E.},
title={Probabilistic behavioural modeling in building performance simulation—The Brescia eLUX lab},
journal={Energy and Buildings},
year={2016},
volume={128},
pages={119-131},
doi={10.1016/j.enbuild.2016.06.083}
}



@ARTICLE{johnson2016calibration,
author={Johnson, G. and Beausoleil-Morrison, I.},
title={The calibration and validation of a model for predicting the performance of gas-fired tankless water heaters in domestic hot water applications},
journal={Applied Energy},
year={2016},
volume={177},
pages={740-750},
doi={10.1016/j.apenergy.2016.05.130}
}

@ARTICLE{li2016assessment,
author={Li, Q. and Augenbroe, G. and Brown, J.},
title={Assessment of linear emulators in lightweight Bayesian calibration of dynamic building energy models for parameter estimation and performance prediction},
journal={Energy and Buildings},
year={2016},
volume={124},
pages={194-202},
doi={10.1016/j.enbuild.2016.04.025}
}

@ARTICLE{yin2016linking,
author={Yin, R. and Kiliccote, S. and Piette, M.A.},
title={Linking measurements and models in commercial buildings: A case study for model calibration and demand response strategy evaluation},
journal={Energy and Buildings},
year={2016},
volume={124},
pages={222-235},
doi={10.1016/j.enbuild.2015.10.042}
}


@ARTICLE{vesterberg2016calibration,
author={Vesterberg, J. and Andersson, S. and Olofsson, T.},
title={Calibration of low-rise multifamily residential simulation models using regressed estimations of transmission losses},
journal={Journal of Building Performance Simulation},
year={2016},
volume={9},
number={3},
pages={304-315},
doi={10.1080/19401493.2015.1067257}
}

@ARTICLE{tian2016identifying,
author={Tian, W. and Yang, S. and Li, Z. and Wei, S. and Pan, W. and Liu, Y.},
title={Identifying informative energy data in Bayesian calibration of building energy models},
journal={Energy and Buildings},
year={2016},
volume={119},
pages={363-376},
doi={10.1016/j.enbuild.2016.03.042}
}

@ARTICLE{tokarik2016life,
author={Tokarik, M.S. and Richman, R.C.},
title={Life cycle cost optimization of passive energy efficiency improvements in a Toronto house},
journal={Energy and Buildings},
year={2016},
volume={118},
pages={160-169},
doi={10.1016/j.enbuild.2016.02.015}
}

@ARTICLE{ramosruiz2016genetic,
author={Ramos Ruiz, G. and Fernández Bandera, C. and Gómez-Acebo Temes, T. and Sánchez-Ostiz Gutierrez, A.},
title={Genetic algorithm for building envelope calibration},
journal={Applied Energy},
year={2016},
volume={168},
pages={691-705},
doi={10.1016/j.apenergy.2016.01.075}
}

@ARTICLE{jermyn2016process,
author={Jermyn, D. and Richman, R.},
title={A process for developing deep energy retrofit strategies for single-family housing typologies: Three Toronto case studies},
journal={Energy and Buildings},
year={2016},
volume={116},
pages={522-534},
doi={10.1016/j.enbuild.2016.01.022}
}

@ARTICLE{carlon2016on,
author={Carlon, E. and Schwarz, M. and Prada, A. and Golicza, L. and Verma, V.K. and Baratieri, M. and Gasparella, A. and Haslinger, W. and Schmidl, C.},
title={On-site monitoring and dynamic simulation of a low energy house heated by a pellet boiler},
journal={Energy and Buildings},
year={2016},
volume={116},
pages={296-306},
doi={10.1016/j.enbuild.2016.01.001}
}

@ARTICLE{giuliani2016modeling,
author={Giuliani, M. and Henze, G.P. and Florita, A.R.},
title={Modelling and calibration of a high-mass historic building for reducing the prebound effect in energy assessment},
journal={Energy and Buildings},
year={2016},
volume={116},
pages={434-448},
doi={10.1016/j.enbuild.2016.01.034}
}


@ARTICLE{sun2016pattern,
author={Sun, K. and Hong, T. and Taylor-Lange, S.C. and Piette, M.A.},
title={A pattern-based automated approach to building energy model calibration},
journal={Applied Energy},
year={2016},
volume={165},
pages={214-224},
doi={10.1016/j.apenergy.2015.12.026}
}

@ARTICLE{samuelson2016analysis,
author={Samuelson, H.W. and Ghorayshi, A. and Reinhart, C.F.},
title={Analysis of a simplified calibration procedure for 18 design-phase building energy models},
journal={Journal of Building Performance Simulation},
year={2016},
volume={9},
number={1},
pages={17-29},
doi={10.1080/19401493.2014.988752}
}

@ARTICLE{zibin2016automatic,
author={Zibin, N. and Zmeureanu, R. and Love, J.},
title={Automatic assisted calibration tool for coupling building automation system trend data with commissioning},
journal={Automation in Construction},
year={2016},
volume={61},
pages={124-133},
doi={10.1016/j.autcon.2015.10.004}
}

@ARTICLE{ji2015bottom,
author={Ji, Y. and Xu, P.},
title={A bottom-up and procedural calibration method for building energy simulation models based on hourly electricity submetering data},
journal={Energy},
year={2015},
volume={93},
pages={2337-2350},
doi={10.1016/j.energy.2015.10.109}
}

@ARTICLE{roberti2015calibrating,
author={Roberti, F. and Oberegger, U.F. and Gasparella, A.},
title={Calibrating historic building energy models to hourly indoor air and surface temperatures: Methodology and case study},
journal={Energy and Buildings},
year={2015},
volume={108},
pages={236-243},
doi={10.1016/j.enbuild.2015.09.010}
}

@ARTICLE{li2015why,
author={Li, N. and Yang, Z. and Becerik-Gerber, B. and Tang, C. and Chen, N.},
title={Why is the reliability of building simulation limited as a tool for evaluating energy conservation measures?},
journal={Applied Energy},
year={2015},
volume={159},
pages={196-205},
doi={10.1016/j.apenergy.2015.09.001}
}


@article{ruiz2017validation,
  title={Validation of calibrated energy models: Common errors},
  author={Ruiz, Germ{\'a}n Ramos and Bandera, Carlos Fern{\'a}ndez},
  journal={Energies},
  volume={10},
  number={10},
  pages={1587},
  year={2017},
  doi={https://doi.org/10.3390/en10101587},
  publisher={Multidisciplinary Digital Publishing Institute}
}

@techreport{garrett2016suitability,
  title={Suitability of ASHRAE guideline 14 metrics for calibration},
  author={Garrett, Aaron and New, Joshua Ryan},
  year={2016},
  institution={Oak Ridge National Lab.(ORNL), Oak Ridge, TN (United States)}
}

@ARTICLE{kim2015development,
author={Kim, K.H. and Haberl, J.S.},
title={Development of methodology for calibrated simulation in single-family residential buildings using three-parameter change-point regression model},
journal={Energy and Buildings},
year={2015},
volume={99},
pages={140-152},
doi={10.1016/j.enbuild.2015.04.032},
note={cited By 22},
url={https://www.scopus.com/inward/record.uri?eid=2-s2.0-84929469342&doi=10.1016%2fj.enbuild.2015.04.032&partnerID=40&md5=d3beecae33793e99fbc196aa014108ef},
document_type={Article},
source={Scopus},
}

@article{chakraborty2017performance,
author = {Debaditya Chakraborty and Hazem Elzarka},
title = {Performance testing of energy models: are we using the right statistical metrics?},
journal = {Journal of Building Performance Simulation},
volume = {11},
number = {4},
pages = {433-448},
year  = {2018},
publisher = {Taylor & Francis},
doi = {10.1080/19401493.2017.1387607}
}

@ARTICLE{yang2015model,
author={Yang, Z. and Becerik-Gerber, B.},
title={A model calibration framework for simultaneous multi-level building energy simulation},
journal={Applied Energy},
year={2015},
volume={149},
pages={415-431},
doi={10.1016/j.apenergy.2015.03.048}
}

@ARTICLE{robertson2015reduced,
author={Robertson, J.J. and Polly, B.J. and Collis, J.M.},
title={Reduced-order modeling and simulated annealing optimization for efficient residential building utility bill calibration},
journal={Applied Energy},
year={2015},
volume={148},
pages={169-177},
doi={10.1016/j.apenergy.2015.03.049}
}


@ARTICLE{monetti2015impact,
author={Monetti, V. and Fabrizio, E. and Filippi, M.},
title={Impact of low investment strategies for space heating control: Application of thermostatic radiators valves to an old residential building},
journal={Energy and Buildings},
year={2015},
volume={95},
pages={202-210},
doi={10.1016/j.enbuild.2015.01.001}
}

@ARTICLE{ascione2015energy,
author={Ascione, F. and Bianco, N. and De Masi, R.F. and De'Rossi, F. and Vanoli, G.P.},
title={Energy retrofit of an educational building in the ancient center of Benevento. Feasibility study of energy savings and respect of the historical value},
journal={Energy and Buildings},
year={2015},
volume={95},
pages={172-183},
doi={10.1016/j.enbuild.2014.10.072}
}

@ARTICLE{royapoor2015building,
author={Royapoor, M. and Roskilly, T.},
title={Building model calibration using energy and environmental data},
journal={Energy and Buildings},
year={2015},
volume={94},
pages={109-120},
doi={10.1016/j.enbuild.2015.02.050}
}

@ARTICLE{garrett2015scalable,
author={Garrett, A. and New, J.},
title={Scalable tuning of building models to hourly data},
journal={Energy},
year={2015},
volume={84},
pages={493-502},
doi={10.1016/j.energy.2015.03.014}
}

@ARTICLE{harmer2015using,
author={Harmer, L.C. and Henze, G.P.},
title={Using calibrated energy models for building commissioning and load prediction},
journal={Energy and Buildings},
year={2015},
volume={92},
pages={204-215},
doi={10.1016/j.enbuild.2014.10.078}
}


@ARTICLE{carlon2015experimental,
author={Carlon, E. and Verma, V.K. and Schwarz, M. and Golicza, L. and Prada, A. and Baratieri, M. and Haslinger, W. and Schmidl, C.},
title={Experimental validation of a thermodynamic boiler model under steady state and dynamic conditions},
journal={Applied Energy},
year={2015},
volume={138},
pages={505-516},
doi={10.1016/j.apenergy.2014.10.031}
}

@ARTICLE{cipriano2015evaluation,
author={Cipriano, J. and Mor, G. and Chemisana, D. and Pérez, D. and Gamboa, G. and Cipriano, X.},
title={Evaluation of a multi-stage guided search approach for the calibration of building energy simulation models},
journal={Energy and Buildings},
year={2015},
volume={87},
pages={370-385},
doi={10.1016/j.enbuild.2014.08.052}
}

@ARTICLE{heo2015evaluation,
author={Heo, Y. and Graziano, D.J. and Guzowski, L. and Muehleisen, R.T.},
title={Evaluation of calibration efficacy under different levels of uncertainty},
journal={Journal of Building Performance Simulation},
year={2015},
volume={8},
number={3},
pages={135-144},
doi={10.1080/19401493.2014.896947}
}

@article{gneiting2007strictly,
  title={Strictly proper scoring rules, prediction, and estimation},
  author={Gneiting, Tilmann and Raftery, Adrian E},
  journal={Journal of the American statistical Association},
  volume={102},
  number={477},
  pages={359--378},
  year={2007},
  doi={https://doi.org/10.1198/016214506000001437},
  publisher={Taylor \& Francis}
}
